%  a sample bibliography file
%

@article{SnowLeopardSecurityGuide,
author = {Apple},
year = {2010},
title = {Mac OS X Security Configuration},
url = {http://www.apple.com/support/security/guides/docs/SnowLeopard_Security_Config_v10.6.pdf},
}

@article{garijo2015mac,
  title={Mac OS X Forensics},
  author={Garijo, Joaquin Moreno},
  year={2015},
  url = {https://reverse.put.as/wp-content/uploads/2015/11/RHUL-MA-2015-8.pdf},
}

@presentation{symantec2016threat,
  title = {Apple Threat Land},
  author = {Symantec},
  year = {2016},
  url = {http://www.symantec.com/content/en/us/enterprise/media/security_response/whitepapers/apple-threat-landscape.pdf},
}

@document{apple2015captain,
title = {El Captain Technologies Overview},
author = {Apple},
year = {2015},
url = {https://www.apple.com/osx/all-features/pdf/osx_elcapitan_core_technologies_overview.pdf},
}

@document{applesecurity,
title = {Security White Paper - отдельное спасибо корпорации Apple, за удаленный документ на английском},
author = {Apple},
year = {2010},
url = {http://www.apple.com/jp/training/pdf/wp_osx_security_108_jp.pdf},
}

@paper{sip2016,
title = {OS X El Captain Sinking the ship},
author = {Stefan Esser},
year = {2016},
url = {https://reverse.put.as/wp-content/uploads/2016/05/syscan360stefanesserosxelcapitansinkingtheship.pdf},
}

@paper{malware2015,
title = {Methods of Malware Persistence OS X},
author = {Patrick Wardle},
year = {2015},
url = {https://reverse.put.as/wp-content/uploads/2015/11/shakacon_methods_of_malware_persistence.pdf},
}

@paper{codesigning,
title = {Code Signing},
year = {2015},
url = {https://reverse.put.as/wp-content/uploads/2015/12/CodeSigning-RSA.pdf},
}
